@online{psychologsru,
  title = {Аналогия},
  url = {http://www.psychologos.ru/articles/view/analogiya},
}
@online{uchilnet,
  title = {Место аналогии в обучении математике в школе},
  url = {https://uchil.net/?cm=47872},
}
@book{mord,
  title = {Философия. Психология. Математика},
  author = {Мордухай-Болтовский, ДД},
  year = {1998},
}
